<collection xmlns='http://www.loc.gov/MARC21/slim' xmlns:xsi='http://www.w3.org/2001/XMLSchema-instance' xsi:schemaLocation='http://www.loc.gov/standards/marcxml/schema/MARC21slim.xsd'>
  <record xmlns="http://www.loc.gov/MARC21/slim">
    <leader>00000ctm a2200000Ia 4500</leader>
    <controlfield tag="001">on1101189870</controlfield>
    <controlfield tag="008">190515q15751625ir ap         000 0 per d</controlfield>
    <datafield tag="040" ind1=" " ind2=" ">
      <subfield code="a">PLF</subfield>
      <subfield code="b">eng</subfield>
      <subfield code="e">amremm</subfield>
      <subfield code="c">PLF</subfield>
      <subfield code="d">OCLCO</subfield>
      <subfield code="d">PLF</subfield>
      <subfield code="d">OCLCF</subfield>
    </datafield>
    <datafield tag="035" ind1=" " ind2=" ">
      <subfield code="a">(PLF)2455310</subfield>
    </datafield>
    <datafield tag="099" ind1=" " ind2=" ">
      <subfield code="a">Lewis O 50</subfield>
    </datafield>
    <datafield tag="049" ind1=" " ind2=" ">
      <subfield code="a">PLFF</subfield>
    </datafield>
    <datafield tag="100" ind1="0" ind2=" ">
      <subfield code="6">880-01</subfield>
      <subfield code="a">Firdawsī.</subfield>
    </datafield>
    <datafield tag="245" ind1="1" ind2="0">
      <subfield code="6">880-02</subfield>
      <subfield code="a">Shāhnāmah.</subfield>
    </datafield>
    <datafield tag="246" ind1="1" ind2=" ">
      <subfield code="i">Title on spine:</subfield>
      <subfield code="a">Shah Nameh of Firdausi</subfield>
    </datafield>
    <datafield tag="260" ind1=" " ind2=" ">
      <subfield code="a">[Iran?],</subfield>
      <subfield code="c">[1575-1625?]</subfield>
    </datafield>
    <datafield tag="300" ind1=" " ind2=" ">
      <subfield code="a">532 leaves :</subfield>
      <subfield code="b">paper, illustrations, illuminations ;</subfield>
      <subfield code="c">337 x 225 (256 x 145) mm bound to 350 x 250 mm.</subfield>
    </datafield>
    <datafield tag="500" ind1=" " ind2=" ">
      <subfield code="a">Ms. codex.</subfield>
    </datafield>
    <datafield tag="520" ind1=" " ind2=" ">
      <subfield code="a">Clearly written copy with one preface and 45 thickly painted miniatures; the colophon is missing from the end. An introductory illustration shows Firdawsī meeting Sulṭān Maḥmūd Ghaznavī (f. 1r). Labels in the illustrations identifying some of the characters were added by a later hand. One page is in its unfinished state with a blank left for the illustration (f. 477v) and all pages subsequent to that are missing rubrications and some rules.</subfield>
    </datafield>
    <datafield tag="546" ind1=" " ind2=" ">
      <subfield code="a">Persian.</subfield>
    </datafield>
    <datafield tag="500" ind1=" " ind2=" ">
      <subfield code="a">Title from beginning of text (f. 1v).</subfield>
    </datafield>
    <datafield tag="510" ind1="4" ind2=" ">
      <subfield code="a">Simsar, Muhammed Ahmed. Oriental manuscripts of the John Frederick Lewis Collection,</subfield>
      <subfield code="c">50.</subfield>
    </datafield>
    <datafield tag="500" ind1=" " ind2=" ">
      <subfield code="a">Foliation: Modern foliation added in pencil, upper left recto; catchwords every verso, lower left.</subfield>
    </datafield>
    <datafield tag="500" ind1=" " ind2=" ">
      <subfield code="a">Layout: Preface: 25 long lines. Text: chiefly 25 lines in 4 columns with gold double rules between each column; border-ruled.</subfield>
    </datafield>
    <datafield tag="500" ind1=" " ind2=" ">
      <subfield code="a">Script: Written in nastaʻlīq in black ink; pointed.</subfield>
    </datafield>
    <datafield tag="500" ind1=" " ind2=" ">
      <subfield code="a">Decoration: Opening illustration with foliate marginal fill (f. 1r); illuminated headpiece above the preface, chiefly in gold and blue with the text written on cloudbands with blue and orange flowers on the gold fill and foliate marginal fill (f. 1v-2r); second illuminated headpiece in gold and blue on first opening after the preface (f. 6v) with the text of the full opening on cloudbands with blue and orange flowers and gold, foliate marginal fill (f. 6v-7r); third illuminated header (f. 136v); 45 polychrome and gold miniatures, frequently spilling into the margins (f. 21r, 27r, 28v, 45r, 47r, 58v, 59v, 61v, 64r, 72r, 74v, 83v, 89v, 103v, 109r, 114v, 128r, 133r, 157v, 159r, 171r, 192r, 215v, 217r, 223r, 233v, 238r, 244v, 246v, 248v, 261v, 270v, 271r, 281v, 292v, 294v, 297v, 309v, 330v, 337r, 365v, 369r, 389r, 424v, 439v); textblock border-ruled in double gold, orange and blue; rubrications in red and gold.</subfield>
    </datafield>
    <datafield tag="500" ind1=" " ind2=" ">
      <subfield code="a">Binding: Rebound in modern red leather with blind tooled frames and gold tooled corners; inside covers incorporate found traditional Islamic binding outside covers which were dark red leather with blind stamped central mandorla with radiant lines and two pendants on the vertical axis and a frame made up of blind stamped cartouches; gilt edges. Rebound by Riviere and Son (stamp inside back cover).</subfield>
    </datafield>
    <datafield tag="500" ind1=" " ind2=" ">
      <subfield code="a">Origin: The item is undated, but was probably copied in the late 16th or early 17th century.</subfield>
    </datafield>
    <datafield tag="561" ind1="1" ind2=" ">
      <subfield code="a">Formerly owned by John Frederick Lewis.</subfield>
    </datafield>
    <datafield tag="650" ind1=" " ind2="0">
      <subfield code="a">Persian poetry</subfield>
      <subfield code="y">747-1500.</subfield>
    </datafield>
    <datafield tag="650" ind1=" " ind2="0">
      <subfield code="a">Illumination of books and manuscripts, Iranian</subfield>
      <subfield code="v">Specimens.</subfield>
    </datafield>
    <datafield tag="650" ind1=" " ind2="0">
      <subfield code="a">Manuscripts, Persian</subfield>
      <subfield code="y">17th century.</subfield>
    </datafield>
    <datafield tag="650" ind1=" " ind2="0">
      <subfield code="a">Manuscripts, Oriental</subfield>
      <subfield code="y">17th century.</subfield>
    </datafield>
    <datafield tag="650" ind1=" " ind2="7">
      <subfield code="a">Illumination of books and manuscripts, Iranian.</subfield>
      <subfield code="2">fast</subfield>
      <subfield code="0">(OCoLC)fst00967304</subfield>
    </datafield>
    <datafield tag="650" ind1=" " ind2="7">
      <subfield code="a">Manuscripts, Oriental.</subfield>
      <subfield code="2">fast</subfield>
      <subfield code="0">(OCoLC)fst01008453</subfield>
    </datafield>
    <datafield tag="650" ind1=" " ind2="7">
      <subfield code="a">Manuscripts, Persian.</subfield>
      <subfield code="2">fast</subfield>
      <subfield code="0">(OCoLC)fst01008462</subfield>
    </datafield>
    <datafield tag="650" ind1=" " ind2="7">
      <subfield code="a">Persian poetry.</subfield>
      <subfield code="2">fast</subfield>
      <subfield code="0">(OCoLC)fst01058542</subfield>
    </datafield>
    <datafield tag="648" ind1=" " ind2="7">
      <subfield code="a">747-1699</subfield>
      <subfield code="2">fast</subfield>
    </datafield>
    <datafield tag="655" ind1=" " ind2="7">
      <subfield code="a">Codices (bound manuscripts)</subfield>
      <subfield code="2">aat</subfield>
    </datafield>
    <datafield tag="655" ind1=" " ind2="7">
      <subfield code="a">Epic poems.</subfield>
      <subfield code="2">aat</subfield>
    </datafield>
    <datafield tag="655" ind1=" " ind2="7">
      <subfield code="a">Illuminations (painting)</subfield>
      <subfield code="2">aat</subfield>
    </datafield>
    <datafield tag="655" ind1=" " ind2="7">
      <subfield code="a">Manuscripts (documents)</subfield>
      <subfield code="2">aat</subfield>
    </datafield>
    <datafield tag="655" ind1=" " ind2="7">
      <subfield code="a">Miniatures (paintings)</subfield>
      <subfield code="2">aat</subfield>
    </datafield>
    <datafield tag="655" ind1=" " ind2="7">
      <subfield code="a">Specimens.</subfield>
      <subfield code="2">fast</subfield>
      <subfield code="0">(OCoLC)fst01423861</subfield>
    </datafield>
    <datafield tag="700" ind1="1" ind2=" ">
      <subfield code="a">Lewis, John Frederick,</subfield>
      <subfield code="d">1860-1932,</subfield>
      <subfield code="e">former owner.</subfield>
    </datafield>
    <datafield tag="700" ind1="1" ind2=" ">
      <subfield code="a">Lewis, Anne Baker,</subfield>
      <subfield code="d">1868-1937,</subfield>
      <subfield code="e">donor.</subfield>
    </datafield>
    <datafield tag="710" ind1="2" ind2=" ">
      <subfield code="a">Riviere &amp; Son,</subfield>
      <subfield code="e">binder.</subfield>
    </datafield>
    <datafield tag="710" ind1="2" ind2=" ">
      <subfield code="a">Free Library of Philadelphia.</subfield>
      <subfield code="b">Rare Book Department.</subfield>
      <subfield code="b">John Frederick Lewis Collection of Oriental Manuscripts.</subfield>
    </datafield>
    <datafield tag="856" ind1="4" ind2="1">
      <subfield code="z">Digital facsimile in OPenn</subfield>
      <subfield code="u">http://openn.library.upenn.edu/Data/0023/html/lewis_o_050.html</subfield>
    </datafield>
    <datafield tag="852" ind1=" " ind2=" ">
      <subfield code="b">Rare Book Department</subfield>
      <subfield code="a">Free Library of Philadelphia</subfield>
      <subfield code="e">Philadelphia</subfield>
      <subfield code="u">https://know.freelibrary.org/Record/2455310</subfield>
    </datafield>
    <datafield tag="955" ind1=" " ind2=" ">
      <subfield code="a">Gift of Anne Baker Lewis in 1933.</subfield>
    </datafield>
    <datafield tag="880" ind1="0" ind2=" ">
      <subfield code="6">100-01/(3/r</subfield>
      <subfield code="a">فردوسي.</subfield>
    </datafield>
    <datafield tag="880" ind1="1" ind2="0">
      <subfield code="6">245-02/(3/r</subfield>
      <subfield code="a">شاهنامه.</subfield>
    </datafield>
    <datafield tag="066" ind1=" " ind2=" ">
      <subfield code="c">(3</subfield>
    </datafield>
  </record></collection>